@ARTICLE{8878099,
  author={Wang, Rui and Wang, Kaili and Cao, Wenming and Wang, Xiangyang},
  journal={IEEE Access}, 
  title={Geometric Algebra in Signal and Image Processing: A Survey}, 
  year={2019},
  volume={7},
  number={},
  pages={156315-156325},
  doi={10.1109/ACCESS.2019.2948615}
}
@book{sommer2013geometric,
  title={Geometric computing with Clifford algebras: theoretical foundations and applications in computer vision and robotics},
  author={Sommer, Gerald},
  year={2013},
  publisher={Springer Science \& Business Media}
}
@article{wang2019l1,
  title={L1-norm minimization for multi-dimensional signals based on geometric algebra},
  author={Wang, Rui and Shen, Miaomiao and Wang, Tao and Cao, Wenming},
  journal={Advances in Applied Clifford Algebras},
  volume={29},
  pages={1--18},
  year={2019},
  publisher={Springer}
}
