@article{labrado2019hardware,
  title={Hardware security primitives for vehicles},
  author={Labrado, Carson and Thapliyal, Himanshu},
  journal={IEEE Consumer Electronics Magazine},
  volume={8},
  number={6},
  pages={99--103},
  year={2019},
  publisher={IEEE}
}
@article{labrado2019hardware1,
  title={Hardware Security Primitives for Vehicles},
  author={Labrado, Carson and Thapliyal, Himanshu},
  journal={IEEE Consumer Electronics Magazine},
  volume={8},
  number={6},
  year={2019}
}
@inproceedings{wolf2012design,
  title={Design, implementation, and evaluation of a vehicular hardware security module},
  author={Wolf, Marko and Gendrullis, Timo},
  booktitle={Information Security and Cryptology-ICISC 2011: 14th International Conference, Seoul, Korea, November 30-December 2, 2011. Revised Selected Papers 14},
  pages={302--318},
  year={2012},
  organization={Springer}
}
@article{oriero2019survey,
  title={Survey on recent counterfeit IC detection techniques and future research directions},
  author={Oriero, Enahoro and Hasan, Syed Rafay},
  journal={Integration},
  volume={66},
  pages={135--152},
  year={2019},
  publisher={Elsevier}
}
@article{labrado2018design,
  title={Design of a piezoelectric-based physically unclonable function for IoT security},
  author={Labrado, Carson and Thapliyal, Himanshu},
  journal={IEEE Internet of Things Journal},
  volume={6},
  number={2},
  pages={2770--2777},
  year={2018},
  publisher={IEEE}
}
@inproceedings{feiri2013efficient,
  title={Efficient and secure storage of private keys for pseudonymous vehicular communication},
  author={Feiri, Michael and Petit, Jonathan and Kargl, Frank},
  booktitle={Proceedings of the 2013 ACM workshop on Security, privacy \& dependability for cyber vehicles},
  pages={9--18},
  year={2013}
}
@inproceedings{petit2012potential,
  title={On the potential of PUF for pseudonym generation in vehicular networks},
  author={Petit, Jonathan and B{\"o}sch, Christoph and Feiri, Michael and Kargl, Frank},
  booktitle={2012 IEEE Vehicular Networking Conference (VNC)},
  pages={94--100},
  year={2012},
  organization={IEEE}
}
@article{dolev2015optical,
  title={Optical PUF for vehicles non-forwardable authentication},
  author={Dolev, Shlomi and Krzywiecki, {\L}ukasz and Panwar, Nisha and Segal, Michael},
  journal={Dept. Comput. Sci., Ben-Gurion Univ. Negev, Beersheba, Israel},
  pages={15--02},
  year={2015}
}
@inproceedings{han2018bad,
  title={A bad dream: Subverting trusted platform module while you are sleeping},
  author={Han, Seunghun and Shin, Wook and Park, Jun-Hyeok and Kim, HyoungChun},
  booktitle={27th USENIX Security Symposium (USENIX Security 18)},
  pages={1229--1246},
  year={2018}
}
@book{chen2016report,
  title={Report on post-quantum cryptography},
  author={Chen, Lily and Chen, Lily and Jordan, Stephen and Liu, Yi-Kai and Moody, Dustin and Peralta, Rene and Perlner, Ray A and Smith-Tone, Daniel},
  volume={12},
  year={2016},
  publisher={US Department of Commerce, National Institute of Standards and Technology~…}
}
@article{delvaux2019machine,
  title={Machine-learning attacks on polypufs, ob-pufs, rpufs, lhs-pufs, and puf--fsms},
  author={Delvaux, Jeroen},
  journal={IEEE Transactions on Information Forensics and Security},
  volume={14},
  number={8},
  pages={2043--2058},
  year={2019},
  publisher={IEEE}
}
@article{dolev2015optical,
  title={Optical PUF for vehicles non-forwardable authentication},
  author={Dolev, Shlomi and Krzywiecki, {\L}ukasz and Panwar, Nisha and Segal, Michael},
  journal={Dept. Comput. Sci., Ben-Gurion Univ. Negev, Beersheba, Israel},
  pages={15--02},
  year={2015}
}
@inproceedings{aishwarya2016authentication,
  title={Authentication of electronic control unit using arbiter physical unclonable functions in modern automobiles},
  author={Aishwarya and Syed, Farha and Nupur, Jaya and Vichare, Aishwarya and Mishra, Arun},
  booktitle={Proceedings of the Second International Conference on Information and Communication Technology for Competitive Strategies},
  pages={1--9},
  year={2016}
}
@inproceedings{han2018bad,
  title={A bad dream: Subverting trusted platform module while you are sleeping},
  author={Han, Seunghun and Shin, Wook and Park, Jun-Hyeok and Kim, HyoungChun},
  booktitle={27th USENIX Security Symposium (USENIX Security 18)},
  pages={1229--1246},
  year={2018}
}
@article{hiroyuki2015puft,
  title={PUFͲbased Security Enhancement for Automotive Software Update},
  author={Hiroyuki Tomiyama},
  journal={Int. Forum MPSoC Softw.-Defined Hardware},
  
  year={Jul. 30, 2015}
}
